@article{flicker2015,
  title={Quasiperiodicity and 2D topology in 1D charge-ordered materials},
  author={Flicker, Felix and van Wezel, Jasper},
  journal={EPL (Europhysics Letters)},
  volume={111},
  number={3},
  pages={37008},
  year={2015},
  publisher={IOP Publishing}
}

@article{hofstadter1976,
  title={Energy levels and wave functions of Bloch electrons in rational and irrational magnetic fields},
  author={Hofstadter, Douglas R},
  journal={Physical review B},
  volume={14},
  number={6},
  pages={2239},
  year={1976},
  publisher={APS}
}

@article{ryu2010,
  title={Topological insulators and superconductors: tenfold way and dimensional hierarchy},
  author={Ryu, Shinsei and Schnyder, Andreas P and Furusaki, Akira and Ludwig, Andreas WW},
  journal={New Journal of Physics},
  volume={12},
  number={6},
  pages={065010},
  year={2010},
  publisher={IOP Publishing}
}

@inproceedings{yoshioka2015,
  title={Distribution of Chern number by Landau level broadening in Hofstadter butterfly},
  author={Yoshioka, Nobuyuki and Matsuura, Hiroyasu and Ogata, Masao},
  booktitle={Journal of Physics: Conference Series},
  volume={603},
  number={1},
  pages={012019},
  year={2015},
  organization={IOP Publishing}
}
